@article{Cardoso:2016oxy,
      author         = "Cardoso, Vitor and Hopper, Seth and Macedo, Caio F. B.
                        and Palenzuela, Carlos and Pani, Paolo",
      title          = "{Gravitational-wave signatures of exotic compact objects
                        and of quantum corrections at the horizon scale}",
      journal        = "Phys. Rev.",
      volume         = "D94",
      year           = "2016",
      number         = "8",
      pages          = "084031",
      doi            = "10.1103/PhysRevD.94.084031",
      eprint         = "1608.08637",
      archivePrefix  = "arXiv",
      primaryClass   = "gr-qc",
      SLACcitation   = "%%CITATION = ARXIV:1608.08637;%%"
}
@article{Martel:2005ir,
      author         = "Martel, Karl and Poisson, Eric",
      title          = "{Gravitational perturbations of the Schwarzschild
                        spacetime: A Practical covariant and gauge-invariant
                        formalism}",
      journal        = "Phys. Rev.",
      volume         = "D71",
      year           = "2005",
      pages          = "104003",
      doi            = "10.1103/PhysRevD.71.104003",
      eprint         = "gr-qc/0502028",
      archivePrefix  = "arXiv",
      primaryClass   = "gr-qc",
      SLACcitation   = "%%CITATION = GR-QC/0502028;%%"
}
@article{Regge:1957td,
      author         = "Regge, Tullio and Wheeler, John A.",
      title          = "{Stability of a Schwarzschild singularity}",
      journal        = "Phys. Rev.",
      volume         = "108",
      year           = "1957",
      pages          = "1063-1069",
      doi            = "10.1103/PhysRev.108.1063",
      SLACcitation   = "%%CITATION = PHRVA,108,1063;%%"
}
@article{PhysRevD.2.2141,
  title = {Gravitational Field of a Particle Falling in a Schwarzschild Geometry Analyzed in Tensor Harmonics},
  author = {Zerilli, Frank J.},
  journal = {Phys. Rev. D},
  volume = {2},
  issue = {10},
  pages = {2141--2160},
  numpages = {0},
  year = {1970},
  month = {Nov},
  publisher = {American Physical Society},
  doi = {10.1103/PhysRevD.2.2141},
  url = {https://link.aps.org/doi/10.1103/PhysRevD.2.2141}
}
@article{PhysRevD.5.2419,
  title = {Nonspherical Perturbations of Relativistic Gravitational Collapse. I. Scalar and Gravitational Perturbations},
  author = {Price, Richard H.},
  journal = {Phys. Rev. D},
  volume = {5},
  issue = {10},
  pages = {2419--2438},
  numpages = {0},
  year = {1972},
  month = {May},
  publisher = {American Physical Society},
  doi = {10.1103/PhysRevD.5.2419},
  url = {https://link.aps.org/doi/10.1103/PhysRevD.5.2419}
}
@article{PhysRevD.5.2439,
  title = {Nonspherical Perturbations of Relativistic Gravitational Collapse. II. Integer-Spin, Zero-Rest-Mass Fields},
  author = {Price, Richard H.},
  journal = {Phys. Rev. D},
  volume = {5},
  issue = {10},
  pages = {2439--2454},
  numpages = {0},
  year = {1972},
  month = {May},
  publisher = {American Physical Society},
  doi = {10.1103/PhysRevD.5.2439},
  url = {https://link.aps.org/doi/10.1103/PhysRevD.5.2439}
}
@article{PhysRevD.46.4179,
  title = {Quasinormal modes of a Schwarzschild black hole: Improved phase-integral treatment},
  author = {Andersson, Nils and Linn\ae{}us, Staffan},
  journal = {Phys. Rev. D},
  volume = {46},
  issue = {10},
  pages = {4179--4187},
  numpages = {0},
  year = {1992},
  month = {Nov},
  publisher = {American Physical Society},
  doi = {10.1103/PhysRevD.46.4179},
  url = {https://link.aps.org/doi/10.1103/PhysRevD.46.4179}
}
@article{Matyjasek:2017psv,
      author         = "Matyjasek, Jerzy and Opala, Michael",
      title          = "{Quasinormal modes of black holes. The improved
                        semianalytic approach}",
      journal        = "Phys. Rev.",
      volume         = "D96",
      year           = "2017",
      number         = "2",
      pages          = "024011",
      doi            = "10.1103/PhysRevD.96.024011",
      eprint         = "1704.00361",
      archivePrefix  = "arXiv",
      primaryClass   = "gr-qc",
      SLACcitation   = "%%CITATION = ARXIV:1704.00361;%%"
}
@article{PhysRevLett.61.1446,
  title = {Wormholes, Time Machines, and the Weak Energy Condition},
  author = {Morris, Michael S. and Thorne, Kip S. and Yurtsever, Ulvi},
  journal = {Phys. Rev. Lett.},
  volume = {61},
  issue = {13},
  pages = {1446--1449},
  numpages = {0},
  year = {1988},
  month = {Sep},
  publisher = {American Physical Society},
  doi = {10.1103/PhysRevLett.61.1446},
  url = {https://link.aps.org/doi/10.1103/PhysRevLett.61.1446}
}
@article{Frolov:2017asg,
      author         = "Frolov, Andrei V. and G\'alvez Ghersi, Jos\'e T. and Zucca,
                        Alex",
      title          = "{Unscreening scalarons with a black hole}",
      journal        = "Phys. Rev.",
      volume         = "D95",
      year           = "2017",
      number         = "10",
      pages          = "104041",
      doi            = "10.1103/PhysRevD.95.104041",
      eprint         = "1704.04114",
      archivePrefix  = "arXiv",
      primaryClass   = "gr-qc",
      reportNumber   = "SCG-2017-04",
      SLACcitation   = "%%CITATION = ARXIV:1704.04114;%%"
}
@article{Abbott:2016blz,
author         = "Abbott, B. P. and others",
title          = "{Observation of Gravitational Waves from a Binary Black
Hole Merger}",
collaboration  = "LIGO Scientific, Virgo",
journal        = "Phys. Rev. Lett.",
volume         = "116",
year           = "2016",
number         = "6",
pages          = "061102",
doi            = "10.1103/PhysRevLett.116.061102",
eprint         = "1602.03837",
archivePrefix  = "arXiv",
primaryClass   = "gr-qc",
reportNumber   = "LIGO-P150914",
SLACcitation   = "%%CITATION = ARXIV:1602.03837;%%"
}
@article{Abbott:2016nmj,
author         = "Abbott, B. P. and others",
title          = "{GW151226: Observation of Gravitational Waves from a
22-Solar-Mass Binary Black Hole Coalescence}",
collaboration  = "LIGO Scientific, Virgo",
journal        = "Phys. Rev. Lett.",
volume         = "116",
year           = "2016",
number         = "24",
pages          = "241103",
doi            = "10.1103/PhysRevLett.116.241103",
eprint         = "1606.04855",
archivePrefix  = "arXiv",
primaryClass   = "gr-qc",
reportNumber   = "LIGO-P151226",
SLACcitation   = "%%CITATION = ARXIV:1606.04855;%%"
}
@article{Abedi:2018npz,
author         = "Abedi, Jahed and Afshordi, Niayesh",
title          = "{Echoes from the Abyss: A highly spinning black hole
remnant for the binary neutron star merger GW170817}",
year           = "2018",
eprint         = "1803.10454",
archivePrefix  = "arXiv",
primaryClass   = "gr-qc",
SLACcitation   = "%%CITATION = ARXIV:1803.10454;%%"
}
@book{Frolov:1998wf,
      editor         = "Frolov, V. P. and Novikov, I. D.",
      title          = "{Black hole physics: Basic concepts and new
                        developments}",
      journal        = "Fundam. Theor. Phys.",
      volume         = "96",
      doi            = "10.1007/978-94-011-5139-9",
      year           = "1998",
      SLACcitation   = "%%CITATION = FTPHD,96,;%%"
}